0000029031420005                  SA LINE MARKET            GEBABEBB   00847615989 00000                                       2
12036BE13001676096039                  EUR0000000039698090280314SA LINE MARKET                                               036
21000100000001400000101        1000000000122400290314001010000PREVENTION ET PROTECTION                             29031403601 0
2200010000                                                     201403281819027994ISABEL           GEBABEBB                   1 0
2300010000BE11290006307748                  EURVZW SOCIAAL SECRET.SECUREX                                                    0 1
31000100010001400000101        001010001001VZW SOCIAAL SECRET.SECUREX                                                        1 0
3200010001TERVURENLAAN 43                    1040 BRUSSEL                                                                    0 0
8036BE13001676096039                  EUR0000000039575690290314                                                                0
9               000007000000000122400000000000000000                                                                           1
0000031031420005                  SA LINE MARKET            GEBABEBB   00847615989 00000                                       2
12037BE13001676096039                  EUR0000000039575690290314SA LINE MARKET                                               037
21000100000001400000102900126180000000100000000310314301500000                                                     31031403711 0
2200010000                                                     FT14090KG9S3                                                  1 0
2300010000NL34BKMG0261239759                   LINE MARKET SA                                                                0 1
3100010001000140000010290012618301500001001LINE MARKET SA                                                                    1 0
320001000113 RUE DE LIGNE, 1000              BRUX ELLES, BELGIUM                                                             0 0
21000100020001400000102900126180000000100000000310314801501001105000000100000000000000100000000000100000000EUR     31031403711 0
2200010002       NL000000100000000                             FT14090KG9S3                                                  1 0
2300010002NL34BKMG0261239759                   LINE MARKET SA                                                                0 1
3100010003000140000010290012618801501001006                              EUR0000001000000000100                              0 0
8037BE13001676096039                  EUR0000000139575690310314                                                                0
9               000011000000000000000000000100000000                                                                           1